@Conference{legat2023polyhedral,
  author    = {Legat, Beno{\^\i}t},
  title     = {Polyhedral Computation},
  month     = jul,
  booktitle = {JuliaCon},
  year      = {2023},
  url       = {https://pretalx.com/juliacon2023/talk/JP3SPX/},
}
