@article{bezanson2017julia,
  title={Julia: A fresh approach to numerical computing},
  author={Bezanson, Jeff and Edelman, Alan and Karpinski, Stefan and Shah, Viral B},
  doi={10.1137/141000671},
  journal={SIAM review},
  volume={59},
  number={1},
  pages={65--98},
  year={2017},
  publisher={SIAM}
}

@article{motzkin1953double,
  title = {The Double Description Method},
  author = {Motzkin, Theodore S and Raiffa, Howard and Thompson, Gerald L and Thrall, Robert M},
  year = {1953},
  journal = {Contribution to the Theory of Games},
  publisher = {Princeton University Press},
  keywords = {Polyhedra}
}

@inproceedings{avis1995good,
  title = {How Good Are Convex Hull Algorithms?},
  booktitle = {Proceedings of the Eleventh Annual Symposium on {{Computational}} Geometry},
  author = {Avis, David and Bremner, David and Seidel, Raimund},
  year = {1995},
  pages = {20--28},
  publisher = {ACM},
  doi = {10.1016/S0925-7721(96)00023-5},
  keywords = {Polyhedra}
}

@article{avis1996reverse,
  title = {Reverse Search for Enumeration},
  author = {Avis, David and Fukuda, Komei},
  year = {1996},
  journal = {Discrete Applied Mathematics},
  volume = {65},
  number = {1},
  pages = {21--46},
  publisher = {Elsevier},
  issn = {0166-218X},
  doi = {10.1016/0166-218X(95)00026-N},
  keywords = {Polyhedra}
}

@incollection{fukuda1996double,
  title = {Double Description Method Revisited},
  booktitle = {Combinatorics and Computer Science},
  author = {Fukuda, Komei and Prodon, Alain},
  year = {1996},
  pages = {91--111},
  publisher = {Springer},
  keywords = {Polyhedra}
}

@article{fukuda2003cdd,
  title = {{{CDD}}--{{A C-implementation}} of the Double Description Method},
  author = {Fukuda, Komei},
  year = {2003},
  journal = {Institut fur Operations Research, ETH Zurich},
  keywords = {Polyhedra}
}

@article{barber1996quickhull,
  title = {The Quickhull Algorithm for Convex Hulls},
  author = {Barber, C Bradford and Dobkin, David P and Huhdanpaa, Hannu},
  year = {1996},
  journal = {ACM Transactions on Mathematical Software (TOMS)},
  volume = {22},
  number = {4},
  pages = {469--483},
  publisher = {Acm New York, NY, USA},
  doi = {10.1145/235815.235821},
}

@article{avis1994ac,
  title = {A {{C}} Implementation of the Reverse Search Vertex Enumeration Algorithm},
  author = {Avis, David},
  year = {1994},
  journal = {Reseach Report RIMS Kokyuroku},
  publisher = {Kyoto University},
  number = {872},
  pages = {16--29},
  keywords = {Polyhedra}
}

@inproceedings{avis2000revised,
  title = {A Revised Implementation of the Reverse Search Vertex Enumeration Algorithm},
  booktitle = {Polytopes --- Combinatorics and Computation},
  author = {Avis, David},
  year = {2000},
  pages = {177--198},
  publisher = {Springer},
  doi = {10.1007/978-3-0348-8438-9_9},
  keywords = {Polyhedra}
}

@phdthesis{legat2020set,
  title = {Set Programming : Theory and Computation},
  author = {Legat, Beno{\^i}t},
  year = {2020},
  school = {UCLouvain}
}

@article{legat2021mathoptinterface,
  title = {{{MathOptInterface}}: A Data Structure for Mathematical Optimization Problems},
  author = {Legat, Beno{\^i}t and Dowson, Oscar and Dias Garcia, Joaquim and Lubin, Miles},
  year = {2021},
  month = mar,
  journal = {INFORMS Journal on Computing},
  volume = {34},
  number = {2},
  pages = {672--689},
  publisher = {INFORMS},
  doi = {10.1287/ijoc.2021.1067}
}

@inproceedings{avis2002canonical,
  title = {On Canonical Representations of Convex Polyhedra},
  booktitle = {Mathematical Software, Proceedings of the First International Congress of Mathematical Software},
  author = {Avis, David and Fukuda, Komei and Picozzi, Stefano},
  year = {2002},
  pages = {350--360},
}

@article{DanischKrumbiegel2021,
  doi = {10.21105/joss.03349},
  url = {https://doi.org/10.21105/joss.03349},
  year = {2021},
  publisher = {The Open Journal},
  volume = {6},
  number = {65},
  pages = {3349},
  author = {Simon Danisch and Julius Krumbiegel},
  title = {{Makie.jl}: Flexible high-performance data visualization for {Julia}},
  journal = {Journal of Open Source Software}
}

@article{PlotsJL,
  doi = {https://doi.org/10.5334/jors.431},
  url = {https://openresearchsoftware.metajnl.com/articles/10.5334/jors.431/},
  author = {Christ, Simon and Schwabeneder, Daniel and Rackauckas, Christopher and Borregaard, Michael Krabbe and Breloff, Thomas},
  keywords = {Graphics (cs.GR), FOS: Computer and information sciences, FOS: Computer and information sciences, I.3.3},
  title = {Plots.jl -- a user extendable plotting API for the julia programming language},
  publisher = {Journal of Open Research Software},
  year = {2023},
  copyright = {Creative Commons Attribution 4.0 International}
}

@book{schrijver1986Theory,
  title = {Theory of Linear and Integer Programming},
  author = {Schrijver, Alexander},
  year = {1986},
  month = may,
  publisher = {John Wiley \& Sons, Inc.},
  address = {USA},
  isbn = {978-0-471-90854-8},
  doi = {10.1057/jors.1987.94},
}

@article{fukuda2003cddlib,
  title={cddlib {R}eference {M}anual},
  author={Fukuda, Komei},
  journal={Report version 093a, McGill University, Montr{\'e}al, Quebec, Canada},
  year={2003}
}

@article{granlund1996gnu,
  title={{GNU MP}},
  author={Granlund, Torbj{\"o}rn},
  journal={The GNU Multiple Precision Arithmetic Library},
  volume={2},
  number={2},
  year={1996}
}

@article{Legat2024,
  doi = {10.21105/jcon.00093},
  url = {https://doi.org/10.21105/jcon.00093},
  year = {2024},
  publisher = {The Open Journal},
  volume = {6},
  number = {58},
  pages = {93},
  author = {Beno√Æt Legat},
  title = {{MutableArithmetics: An API for mutable operations}},
  journal = {Proceedings of the JuliaCon Conferences}
}

@incollection{legat2023Chapter,
  title = {Chapter 5 - {{Computation}} of {Invariant Sets for Complex Systems}},
  booktitle = {Handbook of {{Numerical Analysis}}},
  author = {Legat, Beno{\^i}t and Jungers, Rapha{\"e}l M.},
  editor = {Tr{\'e}lat, Emmanuel and Zuazua, Enrique},
  year = {2023},
  month = jan,
  series = {Numerical {{Control}}: {{Part B}}},
  volume = {24},
  pages = {131--182},
  publisher = {Elsevier},
  doi = {10.1016/bs.hna.2022.12.001},
  urldate = {2024-03-22},
}
